<?xml version="1.0" encoding="UTF-8"?><record xmlns="http://www.loc.gov/MARC21/slim" xmlns:cinclude="http://apache.org/cocoon/include/1.0" xmlns:zs="http://www.loc.gov/zing/srw/">
  <leader>00460nz  a2200133n  4500</leader>
  <controlfield tag="001">no 00095124 </controlfield>
  <controlfield tag="003">DLC</controlfield>
  <controlfield tag="005">20001122070038.0</controlfield>
  <controlfield tag="008">001121n| acannaabn          |n aaa     c</controlfield>
  <datafield tag="010" ind1=" " ind2=" ">
    <subfield code="a">no 00095124 </subfield>
  </datafield>
  <datafield tag="035" ind1=" " ind2=" ">
    <subfield code="a">(OCoLC)oca05360735</subfield>
  </datafield>
  <datafield tag="040" ind1=" " ind2=" ">
    <subfield code="a">NcU</subfield>
    <subfield code="b">eng</subfield>
    <subfield code="c">NcU</subfield>
  </datafield>
  <datafield tag="100" ind1="1" ind2="0">
    <subfield code="a">Kirby, James B.</subfield>
  </datafield>
  <datafield tag="670" ind1=" " ind2=" ">
    <subfield code="a">The wellbeing of adolescents: do co-resident grandparents matter?, 1999:</subfield>
    <subfield code="b">t.p. (James B. Kirby, Ph. D., Dept. of Sociology, University of North Carolina at Chapel Hill)</subfield>
  </datafield>
</record>